<bib>
    <mms_id>991325803064702201</mms_id>
    <record_format>marc21</record_format>
    <linked_record_id/>"
    <title>Hobbiten : Smaugs ødemark i bilder</title>
    <author>Fisher, Jude</author>
    <isbn>9788210053412</isbn>
    <network_numbers>
        <network_number>(NO-OsBA)0370957</network_number>
        <network_number>(NO-TrBIB)132580306</network_number>
        <network_number>132580306-47bibsys_network</network_number>
    </network_numbers>
    <place_of_publication>Oslo</place_of_publication>
    <date_of_publication>2013</date_of_publication>
    <publisher_const>Tiden</publisher_const>
    <holdings link="https://api-eu.hosted.exlibrisgroup.com/almaws/v1/bibs/991325803064702201/holdings"/>
    <created_by>import</created_by>
    <created_date>2015-11-02Z</created_date>
    <last_modified_by>System</last_modified_by>
    <last_modified_date>2020-06-24Z</last_modified_date>
    <suppress_from_publishing>false</suppress_from_publishing>
    <suppress_from_external_search>false</suppress_from_external_search>
    <sync_with_oclc>NONE</sync_with_oclc>
    <sync_with_libraries_australia>NONE</sync_with_libraries_australia>
    <originating_system>ILS</originating_system>
    <originating_system_id>132580306-47bibsys_network</originating_system_id>
    <cataloging_level desc="kat3">90</cataloging_level>
    <record>
        <leader>01044cam a2200301 c 4500</leader>
        <controlfield tag="001">991325803064702201</controlfield>
        <controlfield tag="005">20160622160726.0</controlfield>
        <controlfield tag="007">ta</controlfield>
        <controlfield tag="008">141124s2013    no#||||j||||||000|0|nob| </controlfield>
        <datafield ind1=" " ind2=" " tag="015">
            <subfield code="a">1337755</subfield>
            <subfield code="2">nbf</subfield>
        </datafield>
        <datafield ind1=" " ind2=" " tag="020">
            <subfield code="a">9788210053412</subfield>
            <subfield code="q">ib.</subfield>
            <subfield code="c">Nkr 249.00</subfield>
        </datafield>
        <datafield ind1=" " ind2=" " tag="035">
            <subfield code="a">132580306-47bibsys_network</subfield>
        </datafield>
        <datafield ind1=" " ind2=" " tag="035">
            <subfield code="a">(NO-TrBIB)132580306</subfield>
        </datafield>
        <datafield ind1=" " ind2=" " tag="035">
            <subfield code="a">(NO-OsBA)0370957</subfield>
        </datafield>
        <datafield ind1=" " ind2=" " tag="040">
            <subfield code="a">NO-OsNB</subfield>
            <subfield code="b">nob</subfield>
            <subfield code="e">katreg</subfield>
        </datafield>
        <datafield ind1="1" ind2=" " tag="041">
            <subfield code="h">eng</subfield>
        </datafield>
        <datafield ind1=" " ind2=" " tag="042">
            <subfield code="a">norbibl</subfield>
        </datafield>
        <datafield ind1=" " ind2=" " tag="044">
            <subfield code="c">no</subfield>
        </datafield>
        <datafield ind1="7" ind2="4" tag="082">
            <subfield code="a">791.4372</subfield>
            <subfield code="q">NO-OsNB</subfield>
            <subfield code="2">5/nor</subfield>
        </datafield>
        <datafield ind1="1" ind2=" " tag="100">
            <subfield code="a">Fisher, Jude</subfield>
            <subfield code="0">(NO-TrBIB)1093967</subfield>
        </datafield>
        <datafield ind1="1" ind2="0" tag="245">
            <subfield code="a">Hobbiten :</subfield>
            <subfield code="b">Smaugs ødemark i bilder</subfield>
            <subfield code="c">Jude Fisher ; oversatt fra engelsk av Camilla Eikeland-Sandnes</subfield>
        </datafield>
        <datafield ind1="1" ind2=" " tag="246">
            <subfield code="a">The Hobbit</subfield>
            <subfield code="b">the desolation of Smaug visual companion</subfield>
            <subfield code="i">Originaltittel</subfield>
        </datafield>
        <datafield ind1=" " ind2=" " tag="260">
            <subfield code="a">Oslo</subfield>
            <subfield code="b">Tiden</subfield>
            <subfield code="c">2013</subfield>
        </datafield>
        <datafield ind1=" " ind2=" " tag="300">
            <subfield code="a">75 s.</subfield>
            <subfield code="b">ill.</subfield>
            <subfield code="c">28 cm</subfield>
        </datafield>
        <datafield ind1="1" ind2=" " tag="700">
            <subfield code="a">Eikeland-Sundnes, Camilla</subfield>
            <subfield code="d">1978-</subfield>
            <subfield code="4">trl</subfield>
            <subfield code="0">(NO-TrBIB)10061339</subfield>
        </datafield>
        <datafield ind1="4" ind2="2" tag="856">
            <subfield code="3">Large_coverFoto</subfield>
            <subfield code="u">1234_large_1234.jpg</subfield>
            <subfield code="q">image/jpeg</subfield>
        </datafield>
        <datafield ind1="4" ind2="2" tag="856">
            <subfield code="3">Small_coverFoto</subfield>
            <subfield code="u">1234_small_1234.jpg</subfield>
            <subfield code="q">image/jpeg</subfield>
        </datafield>
        <datafield ind1="4" ind2="2" tag="856">
            <subfield code="3">Beskrivelse fra forlaget (kort)</subfield>
            <subfield code="u">http://content.bibsys.no/content/?type=descr_publ_brief&amp;isbn=8210053418</subfield>
        </datafield>
        <datafield ind1=" " ind2=" " tag="901">
            <subfield code="a">90</subfield>
        </datafield>
        <datafield ind1=" " ind2=" " tag="913">
            <subfield code="a">Norbok</subfield>
            <subfield code="b">NB</subfield>
        </datafield>
    </record>
</bib>